@bachelorsthesis{ biblio:varis2014,
  title = {Japonsko-\v{c}esk\'{y} strojov\'{y} p\v{r}eklad},
  author = {Du\v{s}an Vari\v{s}},
  year = {2014},
  school = {Charles University in Prague, Faculty of Mathematics and Physics},
  address = {Praha, Czech Republic},
}

@inproceedings{ biblio:VaBoJaponskoceskystrojovy2014,
  title = {Japonsko-\v{c}esk\'{y} strojov\'{y} p\v{r}eklad},
  author = {Du\v{s}an Vari\v{s} and Ond\v{r}ej Bojar},
  year = {2014},
  pages = {1--8},
  booktitle = {Proceedings of the 14th conference {ITAT} 2014},
}

