%fixme?
%publisher apod. v cestine ci anglictine?
%opravit oznacene
%zkontrolovat biblioteku

@article{kirschner:rosen:apac:1989,
  author    = {Zdenek Kirschner and
               Alexandr Rosen},
  title     = "{APAC - An experiment in machine translation}",
  journal   = {Machine Translation},
  volume    = {4},
  number    = {3},
  year      = {1989},
  pages     = {177-193},
  ee        = {http://dx.doi.org/10.1007/BF00420842},
  bibsource = {DBLP, http://dblp.uni-trier.de}
}

@inproceedings{hajic:ruslan:1987,
 author = {Jan Haji{\v{c}}},
 title = "{RUSLAN: an MT system between closely related languages}",
 booktitle = {Proceedings of the third conference on European chapter of the Association for Computational Linguistics},
 year = {1987},
 pages = {113--117},
 location = {Copenhagen, Denmark},
 publisher = {Association for Computational Linguistics}
}

@techreport{kawata:verbmobil:2000,
  author  = {Yasuhiro Kawata and Julia Bartels},
  title   = "{Stylebook for the Japanese Treebank in VERBMOBIL}",
  year    = {2000},

}

@techreport{ruslan:1987:techreport,
      author = {Jan Haji{\v{c}} and Alexandr Rosen and Hana Skoumalov{\'{a}}},
      title = "{RUSLAN - syst{\'{e}}m strojov{\'{e}}ho p{\v{r}}ekladu z {\v{c}}e{\v{s}}tiny do ru{\v{s}}tiny}",
      institution = {V{\'{y}}zkumn{\'{y}} {\'{u}}stav matematick{\'{y}}ch stroj{\r{u}}},
      year = {1987},
      address = {Prague, Czech Republic},
}

@inProceedings{czeng10:lrec2012,
  author = {
    Ond{\v{r}}ej Bojar and Zden{\v{e}}k {\v{Z}}abokrtsk{\'{y}} and
    Ond{\v{r}}ej Du{\v{s}}ek and Petra Galu{\v{s}}{\v{c}}{\'{a}}kov{\'{a}} and
    Martin Majli{\v{s}} and David Mare{\v{c}}ek and
    Ji{\v{r}}{\'{\i}} Mar{\v{s}}{\'{\i}}k and Michal Nov{\'{a}}k and
    Martin Popel and Ale{\v{s}} Tamchyna
  },
  title = "{The Joy of Parallelism with CzEng 1.0}",
  booktitle = {Proceedings of the Eighth International Language Resources and Evaluation Conference (LREC'12)},
  organization = {ELRA},
  address = {Istanbul, Turkey},
  month = {Kv{\v{e}}ten},
  publisher = {European Language Resources Association},
  year = {2012},
  pages = {3921-3928},
  isbn = {978-2-9517408-7-7},
}

@inproceedings{ biblio:ZaPoHiddenMarkov2009,
  booktitle = {Proc. of the {ACL}-{IJCNLP} Short Papers},
  title = "{Hidden Markov Tree Model in Dependency-based Machine Translation}",
  author = {Zden{\v{e}}k {\v{Z}}abokrtsk{\'{y}} and Martin Popel},
  year = {2009},
  publisher = {ACL},
  address = {Suntec, Singapore},
  pages = {145--148},
  isbn = {978-1-932432-61-9},
}


@InProceedings{tectomt:2010:WMT,
author = {David Mare{\v{c}}ek and Martin Popel and Zden{\v{e}}k
{\v{Z}}abokrtsk{\'{y}}},
  title     = "{Maximum Entropy Translation Model in Dependency-Based MT Framework}",
  booktitle = {Proc. of WMT and MetricsMATR},
  HIDEmonth     = {July},
  year      = {2010},
  address   = {Uppsala, Sweden},
  publisher = {ACL},
  pages     = {207--212},
  XXXurl       = {http://www.aclweb.org/anthology/W10-1731},
  isbn = {978-1-932432-71-8},
}

%opravit vydavatele?
@Book{bojar2012,
  address = {Prague},
  author = {Ond{\v{r}}ej Bojar},
  publisher = {Charles University in Prague},
  title = "{{\v{C}}e{\v{s}}tina a strojov{\'{y}} p{\v{r}}eklad}",
  year = {2012},
  isbn = {978-80-904571-4-0},
}

@Book{seiji2010,
  address = {Brno},
  author = {Koike Seiji},
  edition = {1},
  publisher = {Tribun EU},
  title = "{{\'{U}}vod do gramatiky modern{\'{i}} japon{\v{s}}tiny}",
  year = {2010},
  isbn = {978-80-7399-050-3}
}

@misc{kudo2005mecab,
  title="{MeCab: Yet another part-of-speech and morphological analyzer}",
  author={Taku Kudo},
  howpublished={\url{http://mecab.sourceforge.net/}},
  year={2005}
}

@inproceedings{yoshinaga:etal:2010,
  author = {Naoki Yoshinaga and Masaru Kitsuregawa},
  title = "{Kernel slicing: scalable online training with conjunctive features}",
  booktitle = {Proc. of COLING},
  HIDEseries = {COLING '10},
  year = {2010},
  address = {Beijing, China},
  pages = {1245--1253},
  numpages = {9},
  url = {\url{http://dl.acm.org/citation.cfm?id=1873781.1873921}},
  acmid = {1873921},
  publisher = {ACL},
  HIDEaddress = {Stroudsburg, PA, USA},
}

@InProceedings{morce:2007,
  author =       {Drahom\'{i}ra Spoustov\'{a} and Jan Haji\v{c} and Jan Votrubec and Pavel Krbec and Pavel Kv\v{e}to\v{n}},
  title =        "{The Best of Two Worlds: Cooperation of Statistical and Rule-Based Taggers for Czech}",
  booktitle = {Proc. of the Workshop on Balto-Slavonic Natural Language Processing, ACL 2007},
  pages =        {67--74},
  year =         {2007},
  address =      {Praha},
}

@inProceedings{mcdonald:pereira:ribarov:hajic:2005,
  author = {Ryan McDonald and Fernando Pereira and Kiril Ribarov and Jan Haji{\v{c}}},
  title = "{Non-Projective Dependency Parsing using Spanning Tree Algorithms}",
  booktitle = "{Proc. of HLT/EMNLP}",
  year = {2005},
  HIDEmonth = oct,
}

@inproceedings{och:ney:2000,
 author = {Franz Josef Och and Hermann Ney},
 title = "{A Comparison of Alignment Models for Statistical Machine Translation}",
 booktitle = {Proc. of COLING},
 year = {2000},
 isbn = {1-555-55555-1},
 pages = {1086--1090},
 location = {Saarbr{\"{u}}cken, Germany},
 publisher = {ACL},
}

@misc{pdt2.0:2006,
  author = {Jan Haji\v{c} and Eva Haji\v{c}ov\'{a} and Jarmila Panevov\'{a} and Petr Sgall and Silvie Cinkov\'{a} and Eva Fu\v{c}\'{i}kov\'{a} and Marie Mikulov\'{a} and Petr Pajas and Jan Popelka and Jiř\'{i} Semeck\'{y} and Jana \v{S}indlerov\'{a} and Jan \v{S}těp\'{a}nek and Josef Toman and Zde\v{n}ka Ure\v{s}ov\'{a} and Zden\v{e}k \v{Z}abokrtsk\'{y}},
  title = "{Prague Czech-English Dependency Treebank 2.0}",
  year = {2012},
  language = {ces, eng},
  copyright = {{CC}-{BY}-{NC}-{SA} + {LDC99T42}},
  note = {\url{http://hdl.handle.net/11858/00-097C-0000-0015-8DAF-4}},
  institution = {Charles University in Prague, {UFAL}}
}

@book{Sgall1967,
  Author = {Petr Sgall},
  Title = "{Generativn{\'i} popis jazyka a {\v{c}}esk{\'a} deklinace}",
  EnglishTitle = "{Generative Description of Czech and Czech Declension}",
  Publisher = {Prague: Academia},
  Year = {1967}
}

@book{SgallHajicovaPanevova1986,
  Author = {Petr Sgall and Eva Haji{\v{c}}ov\'{a} and Jarmila Panevov\'{a}},
  Title = "{The Meaning of the Sentence in Its Semantic and Pragmatic
  Aspects}",
  Publisher = {Dordrecht: Reidel Publishing Company and Prague: Academia},
  Year = {1986}
}

@book{HajicHAB2004,
  Author = {Jan Haji{\v{c}}},
  Title = "{Disambiguation of Rich Inflection - Computational Morphology of
  Czech}",
  volume= {I},
  Publisher = {Karolinum, Charles Univeristy Press, Prague, Czech Republic},
  Year = 2004,
}

@InProceedings{kondo-duh-matsumoto:2013:WMT,
  author    = {Shuhei Kondo and Kevin Duh and Yuji Matsumoto},
  title     = "{Hidden {Markov} Tree Model for Word Alignment}",
  booktitle = {Proceedings of the Eighth Workshop on Statistical Machine Translation},
  HIDEmonth     = {August},
  year      = {2013},
  address   = {Sofia, Bulgaria},
  publisher = {Association for Computational Linguistics},
  pages     = {503--511},
  url       = {http://www.aclweb.org/anthology/W13-2263}
}

@book{kawata2005tagsets,
  title     = "{Tagsets for Morphosyntactic Corpus Annotation: The Idea of a 'reference Tagset' for Japanese}",
  author    = {Yasuhiro Kawata},
  url       = {http://books.google.cz/books?id=s\_tyHQAACAAJ},
  year      = {2005},
  publisher = {University of Essex},
  pages     = {203-205}
}

@inproceedings{PopelMSZZ13,
  added-at = {2013-11-22T00:00:00.000+0100},
  author = {Martin Popel and David Mare\v{e}k and Jan \v{S}t\v{e}p\'{a}nek and Daniel Zeman and Zden\v{e}k \v{Z}abokrtsk\'{y}},
  booktitle = {ACL (1)},
  isbn = {978-1-937284-50-3},
  keywords = {dblp},
  pages = {517-527},
  publisher = {The Association for Computer Linguistics},
  timestamp = {2013-11-22T00:00:00.000+0100},
  title = "{Coordination Structures in Dependency Treebanks.}",
  year = 2013
}

@phdthesis{biblio:ZaFromTreebanking2010,
  type    = {Habilitation},
  title   = "{From Treebanking to Machine Translation}",
  author  = {Zden{\v{e}}k {\v{Z}}abokrtsk{\'{y}}},
  year    = {2010},
  school  = {Faculty of Mathematics and Physics, Charles University in Prague},
  address = {Malostransk{\'{e}} n{\'{a}}m{\v{e}}st{\'{i}} 25, Praha 1},
}

@InProceedings{bojar-rosa-tamchyna:2013:WMT,
  author    = {Ond\v{r}ej Bojar and Rudolf Rosa and Ale\v{s} Tamchyna},
  title     = "{Chimera -- Three Heads for {English-to-Czech} Translation}",
  booktitle = {Proc. of the WMT},
  HIDEmonth     = {August},
  year      = {2013},
  address   = {Sofia, Bulgaria},
  publisher = {ACL},
  pages     = {92--98},
  url       = {http://www.aclweb.org/anthology/W13-2208}
}

@inproceedings{papineni:2002,
  author = {Kishore Papineni and Salim Roukos and Todd Ward and Wei-Jing Zhu},
  title = "{BLEU: a Method for Automatic Evaluation of Machine Translation}",
  booktitle = "{Proc. of ACL}",
  pages = {311--318},
  address = {Philadelphia, Pennsylvania},
  HIDEmon = jul,
  year = {2002}
}

@InProceedings{koehn-EtAl:2007:PosterDemo,
  author    = {Philipp Koehn  and  Hieu Hoang  and  Alexandra Birch  and  Chris Callison-Burch  and  Marcello Federico  and  Nicola Bertoldi  and  Brooke Cowan  and  Wade Shen  and  Christine Moran  and  Richard Zens  and  Chris Dyer  and  Ond{\v{r}}ej Bojar  and  Alexandra Constantin  and  Evan Herbst},
  title     = "{Moses: Open Source Toolkit for Statistical Machine Translation}",
  booktitle = {ACL Companion Volume Proceedings of the Demo and Poster Sessions},
  month     = {June},
  year      = {2007},
  address   = {Prague, Czech Republic},
  publisher = {ACL},
  pages     = {177--180},
  url       = {http://www.aclweb.org/anthology/P/P07/P07-2045}
}

@InProceedings{pharaoh:2003,
    DocumentType = {},
    Author = {Philipp Koehn and Franz Joseph Och and Daniel Marcu},
    title = "{Statistical phrase based translation}",
    BookTitle = {{Proceedings of the Joint Conference on Human Language
    Technologies and the Annual Meeting of the North American Chapter of the
    Association of Computational Linguistics (HLT/NAACL)}},
    Year = {2003},
    Language = {eng}
}

@inproceedings{zabokrtskywmt2008,
	Address = {Columbus, Ohio, USA},
	Author = {Zden{\v{e}}k {\v{Z}}abokrtsk{\'{y}} and Jan Pt{\'{a}}{\v{c}}ek and Petr Pajas},
	Booktitle = {Proc. of WMT},
	Pages = {167--170},
	Title = "{TectoMT: Highly Modular Hybrid MT System\\with Tectogrammatics Used as Transfer Layer}",
	Year = {2008}
}

@inproceedings{Popel:2010:TMN:1884371.1884406,
 author = {Popel, Martin and \v{Z}abokrtsk\'{y}, Zden\v{e}k},
 title = "{TectoMT: Modular NLP Framework}",
 booktitle = {Proceedings of the 7th International Conference on Advances in Natural Language Processing},
 series = {IceTAL'10},
 year = {2010},
 isbn = {3-642-14769-0, 978-3-642-14769-2},
 location = {Reykjavik, Iceland},
 pages = {293--304},
 numpages = {12},
 url = {http://dl.acm.org/citation.cfm?id=1884371.1884406},
 acmid = {1884406},
 publisher = {Springer-Verlag},
 address = {Berlin, Heidelberg},
 keywords = {NLP framework, TectoMT, linguistic processing pipeline},
}

@article{depfix:2014,
 journal = {The Prague Bulletin of Mathematical Linguistics},
 title = "{Depfix, a Tool for Automatic Rule-based Post-editing of {SMT}}",
 author = {Rudolf Rosa},
 year = {2014},
 volume = {102},
 pages = {47--56},
 issn = {0032-6585},
}

@mastersthesis{biblio:RoAutomaticpostediting2013,
 title = "{Automatic post-editing of phrase-based machine translation outputs}",
 author = {Rudolf Rosa},
 year = {2013},
 school = {Charles University in Prague, Faculty of Mathematics and Physics},
 address = {Praha, Czechia},
}

@inproceedings{biblio:ZeReusableTagset2008,
 booktitle = {Proceedings of the 6th International Conference on Language Resources and Evaluation ({LREC} 2008)},
 title = "{Reusable Tagset Conversion Using Tagset Drivers}",
 author = {Daniel Zeman},
 year = {2008},
 publisher = {European Language Resources Association},
 address = {Marrakech, Morocco},
 venue = {Palais des congr{\`{e}}s Mansour Eddahbi},
 pages = {213--218},
 isbn = {2-9517408-4-0},
}

@InProceedings{simard2007rule,
  author    = {Simard, Michel  and  Ueffing, Nicola  and  Isabelle, Pierre  and  Kuhn, Roland},
  title     = "{Rule-Based Translation with Statistical Phrase-Based Post-Editing}",
  booktitle = {Proceedings of the Second Workshop on Statistical Machine Translation},
  month     = {June},
  year      = {2007},
  address   = {Prague, Czech Republic},
  publisher = {Association for Computational Linguistics},
  pages     = {203--206},
  url       = {http://www.aclweb.org/anthology/W/W07/W07-0228}
}

% todo: publisher?
@InProceedings{bechara:2011,
    booktitle = {Proceedings of the 13th Machine Translation Summit},
    author = {Hanna B\'{e}chara and Yanjun Ma and Josef van Genabith},
    title = "{Statistical Post-Editing for a Statistical MT System}",
    year = {2011},
    pages = {308--315},
}

@mastersthesis{bechara:master,
 title = "{Statistical Post-editing and Quality Estimation for Machine Translation Systems}",
 author = {Hanna Bechara},
 year = {2013},
 school = {Dublin city University, School of Computing},
}

@misc{pdt20:2006,
 title = "{Prague Dependency Treebank 2.0}",
 author = {Jan Haji\v{c} and Jarmila Panevov\'{a} and Eva Haji\v{c}ov\'{a} and Petr Sgall and Petr Pajas and Jan \v{S}t\v{e}p\'{a}nek and Ji\v{r}\'{i} Havelka and Marie Mikulov\'{a} and Zden\v{e}k \v{Z}abokrtsk\'{y} and Magda \v{S}ev\v{c}\'{i}kov\'{a}-Raz\'{i}mov\'{a}},
 year = {2006},
 publisher = {Linguistic Data Consortium},
 howpublished = {LDC2006T01, ISBN: 1-58563-370-4},
 address = {Philadelphia, {PA}, {USA}},
 isbn = {1-58563-370-4},
}

@InProceedings{strakova14:morphodita,
  author    = {Strakov\'{a}, Jana  and  Straka, Milan  and  Haji\v{c}, Jan},
  title     = {Open-{S}ource {T}ools for {M}orphology, {L}emmatization, {POS} {T}agging and {N}amed {E}ntity {R}ecognition},
  booktitle = {Proceedings of 52nd Annual Meeting of the Association for Computational Linguistics: System Demonstrations},
  month     = {June},
  year      = {2014},
  address   = {Baltimore, Maryland},
  publisher = {Association for Computational Linguistics},
  pages     = {13--18},
  url       = {http://www.aclweb.org/anthology/P/P14/P14-5003.pdf}
}

@inproceedings{Finkel:2005:INI:1219840.1219885,
 author = {Finkel, Jenny Rose and Grenager, Trond and Manning, Christopher},
 title = "{Incorporating Non-local Information into Information Extraction Systems by Gibbs Sampling}",
 booktitle = {Proceedings of the 43rd Annual Meeting on Association for Computational Linguistics},
 series = {ACL '05},
 year = {2005},
 location = {Ann Arbor, Michigan},
 pages = {363--370},
 numpages = {8},
 url = {http://dx.doi.org/10.3115/1219840.1219885},
 doi = {10.3115/1219840.1219885},
 acmid = {1219885},
 publisher = {Association for Computational Linguistics},
 address = {Stroudsburg, PA, USA},
} 

@inproceedings{ biblio:RoDuUsingParallel2012,
 booktitle = {Proceedings of Sixth Workshop on Syntax, Semantics and Structure in Statistical Translation ({SSST}-6), {ACL}},
 title = "{Using Parallel Features in Parsing of Machine-Translated Sentences for Correction of Grammatical Errors}",
 author = {Rudolf Rosa and Ond{\v{r}}ej Du{\v{s}}ek and David Mare{\v{c}}ek and Martin Popel},
 year = {2012},
 publisher = {Association for Computational Linguistics},
 address = {Jeju, Korea},
 venue = {Jeju, Korea},
 pages = {39--48},
 isbn = {978-1-937284-38-1},
}

@article{scikit-learn,
 title="{Scikit-learn: Machine Learning in {P}ython}",
 author={Pedregosa, F. and Varoquaux, G. and Gramfort, A. and Michel, V.
         and Thirion, B. and Grisel, O. and Blondel, M. and Prettenhofer, P.
         and Weiss, R. and Dubourg, V. and Vanderplas, J. and Passos, A. and
         Cournapeau, D. and Brucher, M. and Perrot, M. and Duchesnay, E.},
 journal={Journal of Machine Learning Research},
 volume={12},
 pages={2825--2830},
 year={2011}
}

@inproceedings{DBLP:conf/acl/DusekJ13,
  author    = {Ond\v{r}ej Du\v{s}ek and
               Filip Jur\v{c}{\'{\i}}\v{c}ek},
  title     = "{Robust multilingual statistical morphological generation models}",
  booktitle = {51st Annual Meeting of the Association for Computational Linguistics,
               {ACL} 2013, Proceedings of the Student Research Workshop, 4-9 August
               2013, Sofia, Bulgaria},
  pages     = {158--164},
  publisher = {The Association for Computer Linguistics},
  year      = {2013},
  url       = {http://aclweb.org/anthology/P/P13/P13-3023.pdf},
  timestamp = {Tue, 26 Nov 2013 16:42:48 +0100},
  biburl    = {http://dblp2.uni-trier.de/rec/bib/conf/acl/DusekJ13},
  bibsource = {dblp computer science bibliography, http://dblp.org}
}

@InProceedings{2013_Jia_CoNLL_GrammaticalError,
  author    = {Jia, Zhongye and Wang, Peilu and Zhao, Hai},
  title     = "{Grammatical Error Correction as Multiclass Classification with Single Model}",
  booktitle = {Proc. of 7th CoNLL:  Shared Task},
  year      = {2013},
  address   = {Sofia, Bulgaria},
  page      = {74-81}
}

@INPROCEEDINGS{Snover06astudy,
    author = {Matthew Snover and Bonnie Dorr and Richard Schwartz and Linnea Micciulla and John Makhoul},
    title = "{A study of translation edit rate with targeted human annotation}",
    booktitle = {In Proceedings of Association for Machine Translation in the Americas},
    year = {2006},
    pages = {223--231}
}

@Article{Brants2004,
    author="Brants, Sabine
        and Dipper, Stefanie
        and Eisenberg, Peter
        and Hansen-Schirra, Silvia
        and K{\"o}nig, Esther
        and Lezius, Wolfgang
        and Rohrer, Christian
        and Smith, George
        and Uszkoreit, Hans",
    title="{TIGER: Linguistic Interpretation of a German Corpus}",
    journal="Research on Language and Computation",
    year="2004",
    volume="2",
    number="4",
    pages="597--620",
    issn="1572-8706",
    doi="10.1007/s11168-004-7431-3",
    url="http://dx.doi.org/10.1007/s11168-004-7431-3"
}

@InProceedings{CoNLL-2009-ST,
    author = {Jan Haji\v{c} and Massimiliano Ciaramita and 
        Richard Johansson and Daisuke Kawahara and 
        Maria Ant\`{o}nia Mart\'{\i} and Llu\'{\i}s M\`{a}rquez and Adam Meyers and 
        Joakim Nivre and Sebastian Pad\'{o} and Jan \v{S}t\v{e}p\'{a}nek
        and Pavel Stra\v{n}\'{a}k and Mihai Surdeanu
        and Nianwen Xue and Yi Zhang},
    title = "{The {CoNLL}-2009 Shared Task: Syntactic and Semantic Dependencies in Multiple Languages}",
    booktitle = {Proceedings of the 13th Conference on 
        Computational Natural Language Learning ({CoNLL-2009}), June 4-5},
    address = {Boulder, Colorado, USA},
    year = {2009}
}

@inproceedings{Bohnet:2010:VHA:1873781.1873792,
 author = {Bohnet, Bernd},
 title = "{Very High Accuracy and Fast Dependency Parsing is Not a Contradiction}",
 booktitle = {Proceedings of the 23rd International Conference on Computational Linguistics},
 series = {COLING '10},
 year = {2010},
 location = {Beijing, China},
 pages = {89--97},
 numpages = {9},
 url = {http://dl.acm.org/citation.cfm?id=1873781.1873792},
 acmid = {1873792},
 publisher = {Association for Computational Linguistics},
 address = {Stroudsburg, PA, USA},
}

@inproceedings{koehn2005epc,
  added-at = {2010-11-10T15:46:05.000+0100},
  address = {Phuket, Thailand},
  author = {Koehn, Philipp},
  biburl = {http://www.bibsonomy.org/bibtex/205e5fa13fd7ba7992aedfe3514379a1f/unhammer},
  booktitle = {{Conference Proceedings: the tenth Machine Translation Summit}},
  interhash = {abd06b551527865eb50e21508841b6de},
  intrahash = {05e5fa13fd7ba7992aedfe3514379a1f},
  keywords = {Corpus Europarl MT Master},
  organization = {AAMT},
  pages = {79--86},
  publisher = {AAMT},
  timestamp = {2010-11-10T15:46:05.000+0100},
  title = "{{Europarl: A Parallel Corpus for Statistical Machine Translation}}",
  url = {http://mt-archive.info/MTS-2005-Koehn.pdf},
  year = 2005
}

@inproceedings{Toutanova:2000:EKS:1117794.1117802,
 author = {Toutanova, Kristina and Manning, Christopher D.},
 title = "{Enriching the Knowledge Sources Used in a Maximum Entropy Part-of-speech Tagger}",
 booktitle = {Proceedings of the 2000 Joint SIGDAT Conference on Empirical Methods in Natural Language Processing and Very Large Corpora: Held in Conjunction with the 38th Annual Meeting of the Association for Computational Linguistics - Volume 13},
 series = {EMNLP '00},
 year = {2000},
 location = {Hong Kong},
 pages = {63--70},
 numpages = {8},
 url = {http://dx.doi.org/10.3115/1117794.1117802},
 doi = {10.3115/1117794.1117802},
 acmid = {1117802},
 publisher = {Association for Computational Linguistics},
 address = {Stroudsburg, PA, USA},
}

@inproceedings{universal-dep:2016,
  author    = {Joakim Nivre and Marie-Catherine de Marneffe and Filip Ginter and Yoav Goldberg and Jan Haji\v{c} and Christopher Manning and Ryan McDonald and Slav Petrov and Sampo Pyysalo and Natalia Silveira and Reut Tsarfaty and Daniel Zeman},
  year      = 2016,
  title     = "{Universal Dependencies v1: A Multilingual Treebank Collection}",
  booktitle = {Proceedings of the 10th International Conference on Language Resources and Evaluation (LREC 2016)},
  pages     = {1659--1666},
  publisher = {European Language Resources Association},
  address   = {Paris, France},
  isbn      = {978-2-9517408-9-1},
}

@misc{uni-dep:2015,
 title = "{Universal Dependencies 1.0}",
 author = {Nivre, Joakim and Bosco, Cristina and Choi, Jinho and de Marneffe, Marie-Catherine and Dozat, Timothy and Farkas, Rich{\'a}rd and Foster, Jennifer and Ginter, Filip and Goldberg, Yoav and Haji{\v c}, Jan and Kanerva, Jenna and Laippala, Veronika and Lenci, Alessandro and Lynn, Teresa and Manning, Christopher and {McDonald}, Ryan and Missil{\"a}, Anna and Montemagni, Simonetta and Petrov, Slav and Pyysalo, Sampo and Silveira, Natalia and Simi, Maria and Smith, Aaron and Tsarfaty, Reut and Vincze, Veronika and Zeman, Daniel},
 url = {http://hdl.handle.net/11234/1-1464},
 note = {{LINDAT}/{CLARIN} digital library at Institute of Formal and Applied Linguistics, Charles University in Prague},
 copyright = {Universal Dependencies 1.0 License Set},
 year = {2015} 
}

@InProceedings{callisonburch-EtAl:2010:WMT,
  author    = {Callison-Burch, Chris  and  Koehn, Philipp  and  Monz, Christof  and  Peterson, Kay  and  Przybocki, Mark  and  Zaidan, Omar},
  title     = "{Findings of the 2010 Joint Workshop on Statistical Machine Translation and Metrics for Machine Translation}",
  booktitle = {Proceedings of the Joint Fifth Workshop on Statistical Machine Translation and MetricsMATR},
  month     = {July},
  year      = {2010},
  address   = {Uppsala, Sweden},
  publisher = {Association for Computational Linguistics},
  pages     = {17--53},
  note      = {Revised August 2010},
  url       = {http://www.aclweb.org/anthology/W10-1703}
}

@InProceedings{bojar-EtAl:2016:WMT1,
  author    = {Bojar, Ond\v{r}ej  and  Chatterjee, Rajen  and  Federmann, Christian  and  Graham, Yvette  and  Haddow, Barry  and  Huck, Matthias  and  Jimeno Yepes, Antonio  and  Koehn, Philipp  and  Logacheva, Varvara  and  Monz, Christof  and  Negri, Matteo  and  Neveol, Aurelie  and  Neves, Mariana  and  Popel, Martin  and  Post, Matt  and  Rubino, Raphael  and  Scarton, Carolina  and  Specia, Lucia  and  Turchi, Marco  and  Verspoor, Karin  and  Zampieri, Marcos},
  title     = "{Findings of the 2016 Conference on Machine Translation (WMT16)}",
  booktitle = {Proceedings of the First Conference on Machine Translation, Volume 2: Shared Task Papers},
  month     = {August},
  year      = {2016},
  address   = {Berlin, Germany},
  publisher = {Association for Computational Linguistics},
  pages     = {131--198},
  url       = {http://www.aclweb.org/anthology/W/W16/W16-2301}
}

@article{Batista:2004:SBS:1007730.1007735,
 author = {Batista, Gustavo E. A. P. A. and Prati, Ronaldo C. and Monard, Maria Carolina},
 title = "{A Study of the Behavior of Several Methods for Balancing Machine Learning Training Data}",
 journal = {SIGKDD Explor. Newsl.},
 issue_date = {June 2004},
 volume = {6},
 number = {1},
 month = jun,
 year = {2004},
 issn = {1931-0145},
 pages = {20--29},
 numpages = {10},
 url = {http://doi.acm.org/10.1145/1007730.1007735},
 doi = {10.1145/1007730.1007735},
 acmid = {1007735},
 publisher = {ACM},
 address = {New York, NY, USA},
} 

@inproceedings{Domingos:1999:MGM:312129.312220,
 author = {Domingos, Pedro},
 title = "{MetaCost: A General Method for Making Classifiers Cost-sensitive}",
 booktitle = {Proceedings of the Fifth ACM SIGKDD International Conference on Knowledge Discovery and Data Mining},
 series = {KDD '99},
 year = {1999},
 isbn = {1-58113-143-7},
 location = {San Diego, California, USA},
 pages = {155--164},
 numpages = {10},
 url = {http://doi.acm.org/10.1145/312129.312220},
 doi = {10.1145/312129.312220},
 acmid = {312220},
 publisher = {ACM},
 address = {New York, NY, USA},
}

@inproceedings{ biblio:BoJaProbesin2012,
booktitle = {Proceedings of the Seventh Workshop on Statistical Machine Translation},
title = "{Probes in a Taxonomy of Factored Phrase-Based Models}",
author = {Ond{\v{r}}ej Bojar and Bushra Jawaid and Amir Kamran},
year = {2012},
publisher = {Association for Computational Linguistics},
address = {Montr{\'{e}}al, Canada},
pages = {253--260},
isbn = {978-1-937284-20-6},
}

@inproceedings{Koehn:2007:MOS:1557769.1557821,
 author = {Koehn, Philipp and Hoang, Hieu and Birch, Alexandra and Callison-Burch, Chris and Federico, Marcello and Bertoldi, Nicola and Cowan, Brooke and Shen, Wade and Moran, Christine and Zens, Richard and Dyer, Chris and Bojar, Ond\v{r}ej and Constantin, Alexandra and Herbst, Evan},
 title = "{Moses: Open Source Toolkit for Statistical Machine Translation}",
 booktitle = {Proceedings of the 45th Annual Meeting of the ACL on Interactive Poster and Demonstration Sessions},
 series = {ACL '07},
 year = {2007},
 location = {Prague, Czech Republic},
 pages = {177--180},
 numpages = {4},
 url = {http://dl.acm.org/citation.cfm?id=1557769.1557821},
 acmid = {1557821},
 publisher = {Association for Computational Linguistics},
 address = {Stroudsburg, PA, USA},
}

@inproceedings{biblio8445677574576847760,
  author    = {Ondřej Bojar and Matouš Macháček and Aleš Tamchyna and Daniel Zeman},
  year      = 2013,
  title     = "{Scratching the Surface of Possible Translations}",
  booktitle = {Text, Speech and Dialogue: 16th International Conference, TSD 2013. Proceedings},
  pages     = {465--474},
  publisher = {Springer Verlag},
  address   = {Berlin / Heidelberg},
  isbn      = {978-3-642-40584-6},
}

@inproceedings{ biblio:RoMaDEPFIXA2012,
booktitle = {Proceedings of the Seventh Workshop on Statistical Machine Translation},
title = "{{DEPFIX}: A System for Automatic Correction of Czech {MT} Outputs}",
author = {Rudolf Rosa and David Mare{\v{c}}ek and Ond{\v{r}}ej Du{\v{s}}ek},
year = {2012},
publisher = {Association for Computational Linguistics},
address = {Montr{\'{e}}al, Canada},
pages = {362--368},
isbn = {978-1-937284-20-6},
}
